<record><leader>00000cas a2200000 a 4500</leader><controlfield tag="001">11132437</controlfield><controlfield tag="008">840908d18661930kyuwr ne      0   a0eng d</controlfield><datafield ind1=" " ind2=" " tag="010"><subfield code="a">sn 84027430 </subfield></datafield><datafield ind1=" " ind2=" " tag="040"><subfield code="a">NPU</subfield><subfield code="b">eng</subfield><subfield code="c">NPU</subfield><subfield code="d">NPX</subfield><subfield code="d">KNP</subfield><subfield code="d">MGN</subfield><subfield code="d">OCL</subfield><subfield code="d">OCLCQ</subfield><subfield code="d">DLC</subfield><subfield code="d">KYUBL</subfield><subfield code="d">DLC</subfield><subfield code="d">OCLCF</subfield></datafield><datafield ind1="1" ind2=" " tag="029"><subfield code="a">AU@</subfield><subfield code="b">000020340164</subfield></datafield><datafield ind1=" " ind2=" " tag="042"><subfield code="a">msc</subfield></datafield><datafield ind1="0" ind2="0" tag="245"><subfield code="a">Maysville bulletin.</subfield></datafield><datafield ind1=" " ind2=" " tag="260"><subfield code="a">Maysville, Ky. :</subfield><subfield code="b">Ross &amp; Rosser,</subfield><subfield code="c">1866-</subfield></datafield><datafield ind1=" " ind2=" " tag="300"><subfield code="a">v.</subfield></datafield><datafield ind1=" " ind2=" " tag="310"><subfield code="a">Weekly</subfield></datafield><datafield ind1="0" ind2=" " tag="362"><subfield code="a">Vol. 4, no. 26 (Mar. 8, 1866)-</subfield></datafield><datafield ind1="1" ind2=" " tag="362"><subfield code="a">Ceased in 1930.</subfield></datafield><datafield ind1=" " ind2=" " tag="500"><subfield code="a">Erroneous beginning date of 1862 recorded in Gregory, W. Amer. newspapers.</subfield></datafield><datafield ind1=" " ind2=" " tag="500"><subfield code="a">Publishers: Ross, Rosser &amp; Welch, &lt;1869&gt;; Ross &amp; Rosser, &lt;1870-1877&gt;.</subfield></datafield><datafield ind1=" " ind2=" " tag="500"><subfield code="a">Democratic.</subfield></datafield><datafield ind1=" " ind2=" " tag="500"><subfield code="a">Editor: Clarence L. Stanton, &lt;1876-1877&gt;.</subfield></datafield><datafield ind1=" " ind2="0" tag="651"><subfield code="a">Mason County (Ky.)</subfield><subfield code="v">Newspapers.</subfield></datafield><datafield ind1=" " ind2="0" tag="651"><subfield code="a">Maysville (Ky.)</subfield><subfield code="v">Newspapers.</subfield></datafield><datafield ind1=" " ind2="7" tag="655"><subfield code="a">Newspapers.</subfield><subfield code="2">fast</subfield><subfield code="0">(OCoLC)fst01423814</subfield></datafield><datafield ind1=" " ind2="7" tag="651"><subfield code="a">Kentucky</subfield><subfield code="z">Mason County.</subfield><subfield code="2">fast</subfield><subfield code="0">(OCoLC)fst01206484</subfield></datafield><datafield ind1=" " ind2="7" tag="651"><subfield code="a">Kentucky</subfield><subfield code="z">Maysville.</subfield><subfield code="2">fast</subfield><subfield code="0">(OCoLC)fst01211454</subfield></datafield><datafield ind1=" " ind2=" " tag="752"><subfield code="a">United States</subfield><subfield code="b">Kentucky</subfield><subfield code="c">Mason</subfield><subfield code="d">Maysville.</subfield></datafield><datafield ind1="0" ind2=" " tag="775"><subfield code="t">Daily evening bulletin (Maysville, Ky. : 1881)</subfield><subfield code="x">2157-6459</subfield><subfield code="w">(DLC)sn 86069124</subfield><subfield code="w">(OCoLC)13576287</subfield></datafield><datafield ind1="0" ind2=" " tag="775"><subfield code="t">Evening bulletin (Maysville, Ky. : 1882)</subfield><subfield code="x">2157-6432</subfield><subfield code="w">(DLC)sn 86069125</subfield><subfield code="w">(OCoLC)13576417</subfield></datafield><datafield ind1="0" ind2=" " tag="775"><subfield code="t">Daily evening bulletin (Maysville, Ky. : 1883)</subfield><subfield code="x">2157-4944</subfield><subfield code="w">(DLC)sn 87060189</subfield><subfield code="w">(OCoLC)15471717</subfield></datafield><datafield ind1="0" ind2=" " tag="775"><subfield code="t">Evening bulletin (Maysville, Ky. : 1887)</subfield><subfield code="x">2157-488X</subfield><subfield code="w">(DLC)sn 87060190</subfield><subfield code="w">(OCoLC)15471894</subfield></datafield><datafield ind1="0" ind2=" " tag="775"><subfield code="t">Daily bulletin (Maysville, Ky.)</subfield><subfield code="w">(DLC)sn 85038021</subfield><subfield code="w">(OCoLC)11737552</subfield></datafield><datafield ind1="0" ind2="0" tag="780"><subfield code="t">Maysville weekly bulletin</subfield><subfield code="x">2332-4600</subfield><subfield code="w">(DLC)sn 84038223</subfield><subfield code="w">(OCoLC)84038223</subfield></datafield></record>